@article{somepaper:2000,
  author = {Some author},
  title = {Some title},
  journal = {Some journal},
  volume = {1},
  pages = {1--20},
  year = {2000}
}